@article {MR2927172,
    AUTHOR = {Baker, Andrew and Richter, Birgit and Szymik, Markus},
     TITLE = {Brauer groups for commutative {$S$}-algebras},
   JOURNAL = {J. Pure Appl. Algebra},
  FJOURNAL = {Journal of Pure and Applied Algebra},
    VOLUME = {216},
      YEAR = {2012},
    NUMBER = {11},
     PAGES = {2361--2376},
      ISSN = {0022-4049,1873-1376},
   MRCLASS = {16K50 (11R32 11R52 55P43)},
  MRNUMBER = {2927172},
MRREVIEWER = {Maneesh\ L.\ Thakur},
       DOI = {10.1016/j.jpaa.2012.03.001},
       URL = {https://doi.org/10.1016/j.jpaa.2012.03.001},
}

@article {BMS2,
    AUTHOR = {Bhatt, Bhargav and Morrow, Matthew and Scholze, Peter},
     TITLE = {Topological {H}ochschild homology and integral {$p$}-adic
              {H}odge theory},
   JOURNAL = {Publ. Math. Inst. Hautes \'{E}tudes Sci.},
  FJOURNAL = {Publications Math\'{e}matiques. Institut de Hautes \'{E}tudes
              Scientifiques},
    VOLUME = {129},
      YEAR = {2019},
     PAGES = {199--310},
      ISSN = {0073-8301},
   MRCLASS = {14F30 (13A35)},
  MRNUMBER = {3949030},
MRREVIEWER = {Lance Edward Miller},
       DOI = {10.1007/s10240-019-00106-9},
}

@misc{Bhatt_Scholze,
    title={Prisms and Prismatic Cohomology},
    author={Bhargav Bhatt and Peter Scholze},
    year={2019},
    eprint={1905.08229},
    archivePrefix={arXiv},
    primaryClass={math.AG}
}

@article {MR1966659,
    AUTHOR = {Fausk, H.},
     TITLE = {Picard groups of derived categories},
   JOURNAL = {J. Pure Appl. Algebra},
  FJOURNAL = {Journal of Pure and Applied Algebra},
    VOLUME = {180},
      YEAR = {2003},
    NUMBER = {3},
     PAGES = {251--261},
      ISSN = {0022-4049,1873-1376},
   MRCLASS = {18D10 (13C20 18E30)},
  MRNUMBER = {1966659},
MRREVIEWER = {Mykola\ Ya.\ Komarnitski\u i},
       DOI = {10.1016/S0022-4049(02)00145-7},
       URL = {https://doi.org/10.1016/S0022-4049(02)00145-7},
}

@article {NS,
    AUTHOR = {Nikolaus, Thomas and Scholze, Peter},
     TITLE = {On topological cyclic homology},
   JOURNAL = {Acta Math.},
  FJOURNAL = {Acta Mathematica},
    VOLUME = {221},
      YEAR = {2018},
    NUMBER = {2},
     PAGES = {203--409},
      ISSN = {0001-5962},
   MRCLASS = {55U35 (16E40 18E30 19D99)},
  MRNUMBER = {3904731},
MRREVIEWER = {Geoffrey M. L. Powell},
       DOI = {10.4310/ACTA.2018.v221.n2.a1},
       URL = {https://doi-org.proxyiub.uits.iu.edu/10.4310/ACTA.2018.v221.n2.a1},
}

@article {Tsalidis,
    AUTHOR = {Tsalidis, Stavros},
     TITLE = {Topological {H}ochschild homology and the homotopy descent
              problem},
   JOURNAL = {Topology},
  FJOURNAL = {Topology. An International Journal of Mathematics},
    VOLUME = {37},
      YEAR = {1998},
    NUMBER = {4},
     PAGES = {913--934},
      ISSN = {0040-9383},
   MRCLASS = {19D50 (55P42 55P91)},
  MRNUMBER = {1607764},
MRREVIEWER = {Stanis\l aw Betley},
       DOI = {10.1016/S0040-9383(97)00045-1},
}

@article{Riggenbach,
    AUTHOR = {Riggenbach, Noah},
     TITLE = {On the algebraic {$K$}-theory of double points},
   JOURNAL = {Algebr. Geom. Topol.},
  FJOURNAL = {Algebraic \& Geometric Topology},
    VOLUME = {22},
      YEAR = {2022},
    NUMBER = {1},
     PAGES = {373--403},
      ISSN = {1472-2747},
   MRCLASS = {19D50 (14G45 19D55 55P42 55P91)},
  MRNUMBER = {4413825},
       DOI = {10.2140/agt.2022.22.373},
}

@misc{Heine_2023,
      title={An equivalence between enriched $\infty$-categories and $\infty$-categories with weak action}, 
      author={Hadrian Heine},
      year={2023},
      eprint={2009.02428},
      archivePrefix={arXiv},
      primaryClass={math.AT},
      url={https://arxiv.org/abs/2009.02428}, 
}

@misc{Hesselholt_Nikolaus,
    title={Algebraic $K$-theory of planar cuspidal curves},
    author={Lars Hesselholt and Thomas Nikolaus},
    year={2019},
    eprint={1903.08295},
    archivePrefix={arXiv},
    primaryClass={math.KT}
}

@misc{Antieau_Nikolaus,
      title={Cartier modules and cyclotomic spectra}, 
      author={Benjamin Antieau and Thomas Nikolaus},
      year={2020},
      eprint={1809.01714},
      archivePrefix={arXiv},
      primaryClass={math.AT}
}

@article {MR2579390,
    AUTHOR = {Lieblich, Max},
     TITLE = {Compactified moduli of projective bundles},
   JOURNAL = {Algebra Number Theory},
  FJOURNAL = {Algebra \& Number Theory},
    VOLUME = {3},
      YEAR = {2009},
    NUMBER = {6},
     PAGES = {653--695},
      ISSN = {1937-0652,1944-7833},
   MRCLASS = {14D23},
  MRNUMBER = {2579390},
MRREVIEWER = {Hsian-Hua\ Tseng},
       DOI = {10.2140/ant.2009.3.653},
       URL = {https://doi.org/10.2140/ant.2009.3.653},
}

@article {MR2957304,
    AUTHOR = {To\"en, Bertrand},
     TITLE = {Derived {A}zumaya algebras and generators for twisted derived categories},
   JOURNAL = {Invent. Math.},
  FJOURNAL = {Inventiones Mathematicae},
    VOLUME = {189},
      YEAR = {2012},
    NUMBER = {3},
     PAGES = {581--652},
      ISSN = {0020-9910,1432-1297},
   MRCLASS = {18E30 (14F05 14F20 16E35 18D10 18G55)},
  MRNUMBER = {2957304},
MRREVIEWER = {Julia\ Bergner},
       DOI = {10.1007/s00222-011-0372-1},
       URL = {https://doi.org/10.1007/s00222-011-0372-1},
}

@article {MR3190610,
    AUTHOR = {Antieau, Benjamin and Gepner, David},
     TITLE = {Brauer groups and \'etale cohomology in derived algebraic
              geometry},
   JOURNAL = {Geom. Topol.},
  FJOURNAL = {Geometry \& Topology},
    VOLUME = {18},
      YEAR = {2014},
    NUMBER = {2},
     PAGES = {1149--1244},
      ISSN = {1465-3060,1364-0380},
   MRCLASS = {14F22 (13D09 14D20 18G55 55P43)},
  MRNUMBER = {3190610},
MRREVIEWER = {Timothy\ J.\ Ford},
       DOI = {10.2140/gt.2014.18.1149},
       URL = {https://doi.org/10.2140/gt.2014.18.1149},
}

@incollection {Hesselholt-Madsen,
    AUTHOR = {Hesselholt, Lars and Madsen, Ib},
     TITLE = {On the {$K$}-theory of nilpotent endomorphisms},
 BOOKTITLE = {Homotopy methods in algebraic topology ({B}oulder, {CO},
              1999)},
    SERIES = {Contemp. Math.},
    VOLUME = {271},
     PAGES = {127--140},
 PUBLISHER = {Amer. Math. Soc., Providence, RI},
      YEAR = {2001},
   MRCLASS = {19D50 (16E20)},
  MRNUMBER = {1831350},
       DOI = {10.1090/conm/271/04353},
}

@article {Bousfield,
    AUTHOR = {Bousfield, A. K.},
     TITLE = {The localization of spectra with respect to homology},
   JOURNAL = {Topology},
  FJOURNAL = {Topology. An International Journal of Mathematics},
    VOLUME = {18},
      YEAR = {1979},
    NUMBER = {4},
     PAGES = {257--281},
      ISSN = {0040-9383},
   MRCLASS = {55N20 (55N15 55P60)},
  MRNUMBER = {551009},
MRREVIEWER = {Willi Meier},
       DOI = {10.1016/0040-9383(79)90018-1},
}

@book {Atiyah_MaDonald,
    AUTHOR = {Atiyah, M. F. and Macdonald, I. G.},
     TITLE = {Introduction to commutative algebra},
    SERIES = {Addison-Wesley Series in Mathematics},
   EDITION = {economy},
      NOTE = {For the 1969 original see [ MR0242802]},
 PUBLISHER = {Westview Press, Boulder, CO},
      YEAR = {2016},
     PAGES = {ix+128},
      ISBN = {978-0-8133-5018-9; 0-201-00361-9; 0-201-40751-5},
   MRCLASS = {13-01 (13-00)},
  MRNUMBER = {3525784},
}

@misc{Molokov_DW_is_PC,
      title={Prismatic cohomology and de Rham-Witt forms}, 
      author={Semen Molokov},
      year={2020},
      eprint={2008.04956},
      archivePrefix={arXiv},
      primaryClass={math.AG}
}

@misc{antieau2021beilinson,
      title={On the Beilinson fiber square}, 
      author={Benjamin Antieau and Akhil Mathew and Matthew Morrow and Thomas Nikolaus},
      year={2021},
      eprint={2003.12541},
      archivePrefix={arXiv},
      primaryClass={math.KT}
}

@book {My_Thesis,
    AUTHOR = {Riggenbach, Noah},
     TITLE = {The {S}1 {A}ssembly {M}ap on {K}-{T}heory and {T}opological
              {C}yclic {H}omology},
      NOTE = {Thesis (Ph.D.)--Indiana University},
 PUBLISHER = {ProQuest LLC, Ann Arbor, MI},
      YEAR = {2021},
     PAGES = {81},
      ISBN = {979-8538-13023-8},
   MRCLASS = {Thesis},
  MRNUMBER = {4326928},
}

@article {BMS1,
    AUTHOR = {Bhatt, Bhargav and Morrow, Matthew and Scholze, Peter},
     TITLE = {Integral {$p$}-adic {H}odge theory},
   JOURNAL = {Publ. Math. Inst. Hautes \'{E}tudes Sci.},
  FJOURNAL = {Publications Math\'{e}matiques. Institut de Hautes \'{E}tudes
              Scientifiques},
    VOLUME = {128},
      YEAR = {2018},
     PAGES = {219--397},
      ISSN = {0073-8301},
   MRCLASS = {14F30},
  MRNUMBER = {3905467},
       DOI = {10.1007/s10240-019-00102-z},
}

@misc{Cusps-Paper,
  doi = {10.48550/ARXIV.2203.17136},
  
  url = {https://arxiv.org/abs/2203.17136},
  
  author = {Riggenbach, Noah},
  
  keywords = {K-Theory and Homology (math.KT), Algebraic Geometry (math.AG), Algebraic Topology (math.AT), FOS: Mathematics, FOS: Mathematics, 19D55(Primary), 55P91, 14G45(Secondary)},
  
  title = {$K$-Theory of Cuspidal Curves Over a Perfectoid Base And Formal Analogues},
  
  publisher = {arXiv},
  
  year = {2022},
  
  copyright = {arXiv.org perpetual, non-exclusive license}
}

@article {BG_transfer,
    AUTHOR = {Becker, J. C. and Gottlieb, D. H.},
     TITLE = {The transfer map and fiber bundles},
   JOURNAL = {Topology},
  FJOURNAL = {Topology. An International Journal of Mathematics},
    VOLUME = {14},
      YEAR = {1975},
     PAGES = {1--12},
      ISSN = {0040-9383},
   MRCLASS = {55E50 (55F10)},
  MRNUMBER = {377873},
MRREVIEWER = {J. P. May},
       DOI = {10.1016/0040-9383(75)90029-4},
}

@article {Cyclic_Polytopes,
    AUTHOR = {Hesselholt, Lars and Madsen, Ib},
     TITLE = {Cyclic polytopes and the {$K$}-theory of truncated polynomial
              algebras},
   JOURNAL = {Invent. Math.},
  FJOURNAL = {Inventiones Mathematicae},
    VOLUME = {130},
      YEAR = {1997},
    NUMBER = {1},
     PAGES = {73--97},
      ISSN = {0020-9910},
   MRCLASS = {19D55 (19D50 55N15)},
  MRNUMBER = {1471886},
MRREVIEWER = {Jerry Lodder},
       DOI = {10.1007/s002220050178},
       URL = {https://doi-org.proxyiub.uits.iu.edu/10.1007/s002220050178},
}

@book {Dundas_Goodwillie_McCarthy,
    AUTHOR = {Dundas, Bj{\o}rn Ian and Goodwillie, Thomas G. and McCarthy,
              Randy},
     TITLE = {The local structure of algebraic {K}-theory},
    SERIES = {Algebra and Applications},
    VOLUME = {18},
 PUBLISHER = {Springer-Verlag London, Ltd., London},
      YEAR = {2013},
     PAGES = {xvi+435},
      ISBN = {978-1-4471-4392-5; 978-1-4471-4393-2},
   MRCLASS = {19-02 (16E40 19D55 55-02 55N99)},
  MRNUMBER = {3013261},
MRREVIEWER = {Charles Weibel},
}

@article {Speirs_truncated,
    AUTHOR = {Speirs, Martin},
     TITLE = {On the {$K$}-theory of truncated polynomial algebras,
              revisited},
   JOURNAL = {Adv. Math.},
  FJOURNAL = {Advances in Mathematics},
    VOLUME = {366},
      YEAR = {2020},
     PAGES = {107083, 18},
      ISSN = {0001-8708},
   MRCLASS = {19D10 (18F25 55N15)},
  MRNUMBER = {4070307},
MRREVIEWER = {Christoph Winges},
       DOI = {10.1016/j.aim.2020.107083},
       URL = {https://doi.org/10.1016/j.aim.2020.107083},
}

@misc{Sulyma_truncated,
  doi = {10.48550/ARXIV.2110.04978},
  
  url = {https://arxiv.org/abs/2110.04978},
  
  author = {Sulyma, Yuri J. F.},
  
  keywords = {K-Theory and Homology (math.KT), Algebraic Topology (math.AT), Number Theory (math.NT), FOS: Mathematics, FOS: Mathematics, 19D55, 19E15},
  
  title = {Floor, ceiling, slopes, and $K$-theory},
  
  publisher = {arXiv},
  
  year = {2021},
  
  copyright = {arXiv.org perpetual, non-exclusive license}
}

@misc{ALB_prismatic_Dieudonne,
  doi = {10.48550/ARXIV.1907.10525},
  
  url = {https://arxiv.org/abs/1907.10525},
  
  author = {Anschütz, Johannes and Bras, Arthur-César Le},
  
  keywords = {Algebraic Geometry (math.AG), Number Theory (math.NT), FOS: Mathematics, FOS: Mathematics},
  
  title = {Prismatic Dieudonné theory},
  
  publisher = {arXiv},
  
  year = {2019},
  
  copyright = {arXiv.org perpetual, non-exclusive license}
}

@article {BS_proetale,
    AUTHOR = {Bhatt, Bhargav and Scholze, Peter},
     TITLE = {The pro-\'{e}tale topology for schemes},
   JOURNAL = {Ast\'{e}risque},
  FJOURNAL = {Ast\'{e}risque},
    NUMBER = {369},
      YEAR = {2015},
     PAGES = {99--201},
      ISSN = {0303-1179},
      ISBN = {978-2-85629-805-3},
   MRCLASS = {14F05 (14F20 14F35 14H30 18B25)},
  MRNUMBER = {3379634},
MRREVIEWER = {Pieter Belmans},
}

@incollection {MR611868,
    AUTHOR = {Gabber, Ofer},
     TITLE = {Some theorems on {A}zumaya algebras},
 BOOKTITLE = {The {B}rauer group ({S}em., {L}es {P}lans-sur-{B}ex, 1980)},
    SERIES = {Lecture Notes in Math.},
    VOLUME = {844},
     PAGES = {129--209},
 PUBLISHER = {Springer, Berlin},
      YEAR = {1981},
      ISBN = {3-540-10562-X},
   MRCLASS = {13A20 (14F20)},
  MRNUMBER = {611868},
MRREVIEWER = {R.\ T.\ Hoobler},
}

@misc{fsmooth_paper,
  doi = {10.48550/ARXIV.2202.04818},
  
  url = {https://arxiv.org/abs/2202.04818},
  
  author = {Bhatt, Bhargav and Mathew, Akhil},
  
  keywords = {Algebraic Geometry (math.AG), K-Theory and Homology (math.KT), Number Theory (math.NT), FOS: Mathematics, FOS: Mathematics},
  
  title = {Syntomic complexes and $p$-adic étale Tate twists},
  
  publisher = {arXiv},
  
  year = {2022},
  
  copyright = {arXiv.org perpetual, non-exclusive license}
}

@misc{McCandless_curves,
  doi = {10.48550/ARXIV.2102.08281},
  
  url = {https://arxiv.org/abs/2102.08281},
  
  author = {McCandless, Jonas},
  
  keywords = {K-Theory and Homology (math.KT), Algebraic Topology (math.AT), FOS: Mathematics, FOS: Mathematics},
  
  title = {On curves in K-theory and TR},
  
  publisher = {arXiv},
  
  year = {2021},
  
  copyright = {arXiv.org perpetual, non-exclusive license}
}

@article {BHM,
    AUTHOR = {B\"{o}kstedt, M. and Hsiang, W. C. and Madsen, I.},
     TITLE = {The cyclotomic trace and algebraic {$K$}-theory of spaces},
   JOURNAL = {Invent. Math.},
  FJOURNAL = {Inventiones Mathematicae},
    VOLUME = {111},
      YEAR = {1993},
    NUMBER = {3},
     PAGES = {465--539},
      ISSN = {0020-9910},
   MRCLASS = {55P42 (19D55 19L99 55P60)},
  MRNUMBER = {1202133},
MRREVIEWER = {Roland Schw\"{a}nzl},
       DOI = {10.1007/BF01231296},
}

@article {k1_local_tr,
    AUTHOR = {Mathew, Akhil},
     TITLE = {On {$K(1)$}-local {TR}},
   JOURNAL = {Compos. Math.},
  FJOURNAL = {Compositio Mathematica},
    VOLUME = {157},
      YEAR = {2021},
    NUMBER = {5},
     PAGES = {1079--1119},
      ISSN = {0010-437X},
   MRCLASS = {19D55 (55P42)},
  MRNUMBER = {4256236},
       DOI = {10.1112/S0010437X21007144},
}

@article {MR4280864,
    AUTHOR = {Clausen, Dustin and Mathew, Akhil and Morrow, Matthew},
     TITLE = {{$K$}-theory and topological cyclic homology of henselian pairs},
   JOURNAL = {J. Amer. Math. Soc.},
  FJOURNAL = {Journal of the American Mathematical Society},
    VOLUME = {34},
      YEAR = {2021},
    NUMBER = {2},
     PAGES = {411--473},
      ISSN = {0894-0347,1088-6834},
   MRCLASS = {19D55},
  MRNUMBER = {4280864},
MRREVIEWER = {Bj\o rn\ Ian\ Dundas},
       DOI = {10.1090/jams/961},
       URL = {https://doi.org/10.1090/jams/961},
}

@article {HM_Witt_vector_K_theory,
    AUTHOR = {Hesselholt, Lars and Madsen, Ib},
     TITLE = {On the {$K$}-theory of finite algebras over {W}itt vectors of
              perfect fields},
   JOURNAL = {Topology},
  FJOURNAL = {Topology. An International Journal of Mathematics},
    VOLUME = {36},
      YEAR = {1997},
    NUMBER = {1},
     PAGES = {29--101},
      ISSN = {0040-9383},
   MRCLASS = {19D55 (16E40 55P91)},
  MRNUMBER = {1410465},
MRREVIEWER = {Charles Weibel},
       DOI = {10.1016/0040-9383(96)00003-1},
       URL = {https://doi.org/10.1016/0040-9383(96)00003-1},
}

@article{Betley_Schlichtkrull,
    AUTHOR = {Betley, Stanislaw and Schlichtkrull, Christian},
     TITLE = {The cyclotomic trace and curves on {$K$}-theory},
   JOURNAL = {Topology},
  FJOURNAL = {Topology. An International Journal of Mathematics},
    VOLUME = {44},
      YEAR = {2005},
    NUMBER = {4},
     PAGES = {845--874},
      ISSN = {0040-9383},
   MRCLASS = {19D55 (55P42)},
  MRNUMBER = {2136538},
MRREVIEWER = {Jerry Lodder},
       DOI = {10.1016/j.top.2005.02.004},
       URL = {https://doi.org/10.1016/j.top.2005.02.004},
}

@article {Mathew_recent_advances,
    AUTHOR = {Mathew, Akhil},
     TITLE = {Some recent advances in topological {H}ochschild homology},
   JOURNAL = {Bull. Lond. Math. Soc.},
  FJOURNAL = {Bulletin of the London Mathematical Society},
    VOLUME = {54},
      YEAR = {2022},
    NUMBER = {1},
     PAGES = {1--44},
      ISSN = {0024-6093},
   MRCLASS = {19D55 (13D03)},
  MRNUMBER = {4396920},
       DOI = {10.1112/blms.12558},
       URL = {https://doi.org/10.1112/blms.12558},
}

@article {Hesselholt_tower,
    AUTHOR = {Hesselholt, Lars},
     TITLE = {The tower of {$K$}-theory of truncated polynomial algebras},
   JOURNAL = {J. Topol.},
  FJOURNAL = {Journal of Topology},
    VOLUME = {1},
      YEAR = {2008},
    NUMBER = {1},
     PAGES = {87--114},
      ISSN = {1753-8416},
   MRCLASS = {19D55 (19E15)},
  MRNUMBER = {2365653},
MRREVIEWER = {Christian Haesemeyer},
       DOI = {10.1112/jtopol/jtm007},
       URL = {https://doi.org/10.1112/jtopol/jtm007},
}


@article {Hesselholt_curves,
    AUTHOR = {Hesselholt, Lars},
     TITLE = {On the {$p$}-typical curves in {Q}uillen's {$K$}-theory},
   JOURNAL = {Acta Math.},
  FJOURNAL = {Acta Mathematica},
    VOLUME = {177},
      YEAR = {1996},
    NUMBER = {1},
     PAGES = {1--53},
      ISSN = {0001-5962},
   MRCLASS = {19D50 (14F30 19D55 19E20 55P91)},
  MRNUMBER = {1417085},
MRREVIEWER = {Charles Weibel},
       DOI = {10.1007/BF02392597},
       URL = {https://doi.org/10.1007/BF02392597},
}

@article {AGHL,
    AUTHOR = {Angeltveit, Vigleik and Gerhardt, Teena and Hill, Michael A.
              and Lindenstrauss, Ayelet},
     TITLE = {On the algebraic {$K$}-theory of truncated polynomial algebras
              in several variables},
   JOURNAL = {J. K-Theory},
  FJOURNAL = {Journal of K-Theory. K-Theory and its Applications in Algebra,
              Geometry, Analysis \& Topology},
    VOLUME = {13},
      YEAR = {2014},
    NUMBER = {1},
     PAGES = {57--81},
      ISSN = {1865-2433},
   MRCLASS = {19D55 (55P42)},
  MRNUMBER = {3177818},
MRREVIEWER = {Stanis\l aw Betley},
       DOI = {10.1017/is013010011jkt243},
       URL = {https://doi.org/10.1017/is013010011jkt243},
}

@article {AGH,
    AUTHOR = {Angeltveit, Vigleik and Gerhardt, Teena and Hesselholt, Lars},
     TITLE = {On the {$K$}-theory of truncated polynomial algebras over the
              integers},
   JOURNAL = {J. Topol.},
  FJOURNAL = {Journal of Topology},
    VOLUME = {2},
      YEAR = {2009},
    NUMBER = {2},
     PAGES = {277--294},
      ISSN = {1753-8416},
   MRCLASS = {19D55 (19D50 55Q91)},
  MRNUMBER = {2529297},
       DOI = {10.1112/jtopol/jtp011},
       URL = {https://doi.org/10.1112/jtopol/jtp011},
}

@misc{Kpoly,
      title={K-theory and polynomial functors}, 
      author={Clark Barwick and Saul Glasman and Akhil Mathew and Thomas Nikolaus},
      year={2022},
      eprint={2102.00936},
      archivePrefix={arXiv},
      primaryClass={math.KT},
      url={https://arxiv.org/abs/2102.00936}, 
}

@article {MR1045736,
    AUTHOR = {Knus, M.-A. and Parimala, R. and Srinivas, V.},
     TITLE = {Azumaya algebras with involutions},
   JOURNAL = {J. Algebra},
  FJOURNAL = {Journal of Algebra},
    VOLUME = {130},
      YEAR = {1990},
    NUMBER = {1},
     PAGES = {65--82},
      ISSN = {0021-8693,1090-266X},
   MRCLASS = {13A20 (16H05)},
  MRNUMBER = {1045736},
MRREVIEWER = {Timothy\ J.\ Ford},
       DOI = {10.1016/0021-8693(90)90100-3},
       URL = {https://doi.org/10.1016/0021-8693(90)90100-3},
}

@article {MR1162189,
    AUTHOR = {Parimala, R. and Srinivas, V.},
     TITLE = {Analogues of the {B}rauer group for algebras with involution},
   JOURNAL = {Duke Math. J.},
  FJOURNAL = {Duke Mathematical Journal},
    VOLUME = {66},
      YEAR = {1992},
    NUMBER = {2},
     PAGES = {207--237},
      ISSN = {0012-7094,1547-7398},
   MRCLASS = {16H05 (13A20 15A63)},
  MRNUMBER = {1162189},
MRREVIEWER = {Manuel\ Ojanguren},
       DOI = {10.1215/S0012-7094-92-06606-3},
       URL = {https://doi.org/10.1215/S0012-7094-92-06606-3},
}

@inproceedings {Soule,
    AUTHOR = {Soul\'{e}, C.},
     TITLE = {Rational {$K$}-theory of the dual numbers of a ring of
              algebraic integers},
 BOOKTITLE = {Algebraic {$K$}-theory, {E}vanston 1980 ({P}roc. {C}onf.,
              {N}orthwestern {U}niv., {E}vanston, {I}ll., 1980)},
    SERIES = {Lecture Notes in Math.},
    VOLUME = {854},
     PAGES = {402--408},
 PUBLISHER = {Springer, Berlin-New York},
      YEAR = {1981},
   MRCLASS = {12A62 (18F25)},
  MRNUMBER = {618314},
MRREVIEWER = {J. Browkin},
       DOI = {10.1007/BFb0089531},
       URL = {https://doi.org/10.1007/BFb0089531},
}

@article {Staffeldt,
    AUTHOR = {Staffeldt, R. E.},
     TITLE = {Rational algebraic {$K$}-theory of certain truncated
              polynomial rings},
   JOURNAL = {Proc. Amer. Math. Soc.},
  FJOURNAL = {Proceedings of the American Mathematical Society},
    VOLUME = {95},
      YEAR = {1985},
    NUMBER = {2},
     PAGES = {191--198},
      ISSN = {0002-9939},
   MRCLASS = {18F25 (11R70 19D55)},
  MRNUMBER = {801322},
MRREVIEWER = {V. P. Snaith},
       DOI = {10.2307/2044511},
       URL = {https://doi.org/10.2307/2044511},
}

@misc{Bhatt_Lurie,
  doi = {10.48550/ARXIV.2201.06120},
  
  url = {https://arxiv.org/abs/2201.06120},
  
  author = {Bhatt, Bhargav and Lurie, Jacob},
  
  keywords = {Algebraic Geometry (math.AG), Number Theory (math.NT), FOS: Mathematics, FOS: Mathematics},
  
  title = {Absolute prismatic cohomology},
  
  publisher = {arXiv},
  
  year = {2022},
  
  copyright = {arXiv.org perpetual, non-exclusive license}
}

@article {Mathew_etale,
    AUTHOR = {Mathew, Akhil},
     TITLE = {T{HH} and base-change for {G}alois extensions of ring spectra},
   JOURNAL = {Algebr. Geom. Topol.},
  FJOURNAL = {Algebraic \& Geometric Topology},
    VOLUME = {17},
      YEAR = {2017},
    NUMBER = {2},
     PAGES = {693--704},
      ISSN = {1472-2747},
   MRCLASS = {55P43 (13D03 55P42)},
  MRNUMBER = {3623668},
MRREVIEWER = {Gerd Laures},
       DOI = {10.2140/agt.2017.17.693},
       URL = {https://doi.org/10.2140/agt.2017.17.693},
}

@article{azumaya_involution,
  doi = {10.25537/DM.2020V25.527-633},
  
  url = {https://www.elibm.org/article/10012038},
  
  author = {First, Uriya A. and Williams, Ben},
  
  language = {en},
  
  title = {Involutions of Azumaya Algebras},
  
  journal = {DOCUMENTA MATHEMATICA},
  
  volume = {Vol 25 },
  
  issue = {2020},
  
  pages = {p. 527-633},
  
  publisher = {Deutsche Mathematiker-Vereinigung},
  
  year = {2020},
  
  copyright = {Creative Commons Attribution 4.0 International}
}

@book {HTT,
    AUTHOR = {Lurie, Jacob},
     TITLE = {Higher topos theory},
    SERIES = {Annals of Mathematics Studies},
    VOLUME = {170},
 PUBLISHER = {Princeton University Press, Princeton, NJ},
      YEAR = {2009},
     PAGES = {xviii+925},
      ISBN = {978-0-691-14049-0; 0-691-14049-9},
   MRCLASS = {18-02 (18B25 18E35 18G30 18G55 55U40)},
  MRNUMBER = {2522659},
MRREVIEWER = {Mark Hovey},
       DOI = {10.1515/9781400830558},
       URL = {https://doi.org/10.1515/9781400830558}
}


@unpublished{Lurie_SAG,
    Author = {Jacob Lurie},
    Date-Added = {2018-05-17 21:32:14 +0000},
    Date-Modified = {2018-05-17 21:32:14 +0000},
    Month = {February},
    Title = {Spectral Algebraic Geometry},
    Url = {https://www.math.ias.edu/~lurie/papers/SAG-rootfile.pdf},
    Year = {2018},
    Bdsk-Url-1 = {https://www.math.ias.edu/~lurie/papers/SAG-rootfile.pdf}}

@unpublished{Lurie_Ltheory_notes,
    Author = {Jacob Lurie}, 
    Note = {Course notes},
    Title = {Algebraic {L}-theory and {S}urgery},
    Url = {https://www.math.ias.edu/~lurie/287x.html},
    Year = {2011},
    Bdsk-Url-1 = {https://www.math.ias.edu/~lurie/287x.html}}

@misc{CDHHLMNNSI,
  doi = {10.48550/ARXIV.2009.07223},
  
  url = {https://arxiv.org/abs/2009.07223},
  
  author = {Calmès, Baptiste and Dotto, Emanuele and Harpaz, Yonatan and Hebestreit, Fabian and Land, Markus and Moi, Kristian and Nardin, Denis and Nikolaus, Thomas and Steimle, Wolfgang},
  
  keywords = {K-Theory and Homology (math.KT), Algebraic Topology (math.AT), Category Theory (math.CT), FOS: Mathematics, FOS: Mathematics, 11E70, 18F25 (Primary), 11E39, 11E81, 19D25 (Secondary)},
  
  title = {Hermitian {K}-theory for stable $\infty$-categories {I}: Foundations},
  
  publisher = {arXiv},
  
  year = {2020},
  
  copyright = {arXiv.org perpetual, non-exclusive license}
}

@misc{CDHHLMNNSII,
  doi = {10.48550/ARXIV.2009.07224},
  
  url = {https://arxiv.org/abs/2009.07224},
  
  author = {Calmès, Baptiste and Dotto, Emanuele and Harpaz, Yonatan and Hebestreit, Fabian and Land, Markus and Moi, Kristian and Nardin, Denis and Nikolaus, Thomas and Steimle, Wolfgang},
  
  keywords = {K-Theory and Homology (math.KT), Algebraic Topology (math.AT), Category Theory (math.CT), FOS: Mathematics, FOS: Mathematics, 11E70, 18F25 (Primary), 11E39, 11E81, 19D25 (Secondary)},
  
  title = {Hermitian {K}-theory for stable $\infty$-categories {II}: Cobordism categories and additivity},
  
  publisher = {arXiv},
  
  year = {2020},
  
  copyright = {arXiv.org perpetual, non-exclusive license}
}

@misc{CDHHLMNNSIII,
      title={Hermitian {K}-theory for stable $\infty$-categories {III}: {G}rothendieck-{W}itt groups of rings}, 
      author={Baptiste Calmès and Emanuele Dotto and Yonatan Harpaz and Fabian Hebestreit and Markus Land and Kristian Moi and Denis Nardin and Thomas Nikolaus and Wolfgang Steimle},
      year={2021},
      eprint={2009.07225},
      archivePrefix={arXiv},
      primaryClass={math.KT}
}

@misc{CDHHLMNNSIV,
      title={Hermitian {K}-theory for stable $\infty$-categories {IV}}, 
      author={Baptiste Calmès and Emanuele Dotto and Yonatan Harpaz and Fabian Hebestreit and Markus Land and Kristian Moi and Denis Nardin and Thomas Nikolaus and Wolfgang Steimle},
      note={to appear}
}

@misc{CHN2024,
      title={A motivic spectrum representing hermitian {K}-theory}, 
      author={Baptiste Calmès and Yonatan Harpaz and Denis Nardin},
      year={2024},
      eprint={2402.15136},
      archivePrefix={arXiv},
      primaryClass={math.KT},
      url={https://arxiv.org/abs/2402.15136}, 
}

@book{LurHA,
    Author = {Lurie, Jacob},
    Title = {Higher algebra},
    Note = {Manuscript available at \url{https://www.math.ias.edu/~lurie/papers/HA.pdf}},
    Year = {2017},
}


@book{elmendorf2007rings,
    Author = {Elmendorf, Anthony D and Kriz, Igor and Mandell, Michael A and May, J Peter},
    Date-Added = {2017-10-20 02:05:39 +0000},
    Date-Modified = {2017-10-20 02:05:39 +0000},
    Number = {47},
    Publisher = {American Mathematical Soc.},
    Title = {Rings, modules, and algebras in stable homotopy theory},
    Year = {2007}}

@misc{AKGH_real_THH,
      title={Real topological {H}ochschild homology via the norm and {R}eal {W}itt vectors}, 
      author={Gabriel Angelini-Knoll and Teena Gerhardt and Michael Hill},
      year={2021},
      eprint={2111.06970},
      archivePrefix={arXiv},
      primaryClass={math.AT},
      url={https://arxiv.org/abs/2111.06970}, 
}

@article{lurie-elliptic-2, 
    author={Lurie, Jacob},
    journal={available at
               \url{https://www.math.ias.edu/~lurie/papers/Elliptic-II.pdf}},
    title={Elliptic cohomology {II}: orientations},
    year={version dated 26 April 2018},
}

@incollection {Nikolaus-Frob,
    AUTHOR = {Nikolaus, Thomas},
     TITLE = {Frobenius homomorphisms in higher algebra},
 BOOKTITLE = {I{CM}---{I}nternational {C}ongress of {M}athematicians. {V}ol.
              4. {S}ections 5--8},
     PAGES = {2826--2854},
 PUBLISHER = {EMS Press, Berlin},
      YEAR = {[2023] \copyright2023},
      ISBN = {978-3-98547-062-4; 978-3-98547-562-9; 978-3-98547-058-7},
   MRCLASS = {18N70 (13A35 13D03 19D50 55P43)},
  MRNUMBER = {4680343},
}

@misc{kerodon,
  author       = {Jacob Lurie},
  title        = {Kerodon},
  howpublished = {\url{https://kerodon.net}},
  year         = {2024},
}

@misc{stacks,
    shorthand    = {Stacks},
    author       = {Stacks {Project Authors}, The},
    title        = {\textit{Stacks Project}},
    howpublished = {\url{https://stacks.math.columbia.edu}},
    year         = {2024},
}

@misc{LYang_normedrings,
      title={On normed $\mathbb{E}_\infty$-rings in genuine equivariant $C_p$-spectra}, 
      author={Lucy Yang},
      year={2023},
      eprint={2308.16107},
      archivePrefix={arXiv},
      primaryClass={math.AT}
}

@article{Krause_picard,
author = {Krause, Achim},
title = {The Picard group in equivariant homotopy theory via stable module categories},
journal = {Journal of Topology},
volume = {18},
number = {2},
pages = {e70020},
doi = {https://doi.org/10.1112/topo.70020},
url = {https://londmathsoc.onlinelibrary.wiley.com/doi/abs/10.1112/topo.70020},
eprint = {https://londmathsoc.onlinelibrary.wiley.com/doi/pdf/10.1112/topo.70020},
abstract = {Abstract We develop a mechanism of “isotropy separation for compact objects” that explicitly describes an invertible \$G\$-spectrum through its collection of geometric fixed points and gluing data located in certain variants of the stable module category. As an application, we carry out a complete analysis of possible combinations of geometric fixed points of invertible \$G\$-spectra in the case \$G=A\_5\$. A further application is given by showing that the Picard groups of \$\operatorname{Sp}^G\$ and a category of derived Mackey functors agree.},
year = {2025}
}

@article {Antieau_Gepner_Bruaer,
    AUTHOR = {Antieau, Benjamin and Gepner, David},
     TITLE = {Brauer groups and \'etale cohomology in derived algebraic
              geometry},
   JOURNAL = {Geom. Topol.},
  FJOURNAL = {Geometry \& Topology},
    VOLUME = {18},
      YEAR = {2014},
    NUMBER = {2},
     PAGES = {1149--1244},
      ISSN = {1465-3060,1364-0380},
   MRCLASS = {14F22 (13D09 14D20 18G55 55P43)},
  MRNUMBER = {3190610},
MRREVIEWER = {Timothy\ J.\ Ford},
       DOI = {10.2140/gt.2014.18.1149},
       URL = {https://doi.org/10.2140/gt.2014.18.1149},
}

@book{SGA4,
    Author = {Michael Artin and Alexandre Grothendieck and Jean-Louis Verdier},
    Date-Added = {2017-10-20 02:05:39 +0000},
    Date-Modified = {2017-10-20 19:16:27 +0000},
    Publisher = {Springer},
    Series = {Lecture Notes in Mathematics},
    Title = {Th{\'e}orie des Topos et Cohomologie {\'E}tale des Sch{\'e}mas},
    Volume = {269},
    Year = {1972}}

@book {MR123587,
    AUTHOR = {Albert, A. Adrian},
     TITLE = {Structure of algebras},
    SERIES = {American Mathematical Society Colloquium Publications},
    VOLUME = {Vol. XXIV},
      NOTE = {Revised printing},
 PUBLISHER = {American Mathematical Society, Providence, RI},
      YEAR = {1961},
     PAGES = {xi+210},
   MRCLASS = {16.50},
  MRNUMBER = {123587},
}

@article {MR495234,
    AUTHOR = {Saltman, David J.},
     TITLE = {Azumaya algebras with involution},
   JOURNAL = {J. Algebra},
  FJOURNAL = {Journal of Algebra},
    VOLUME = {52},
      YEAR = {1978},
    NUMBER = {2},
     PAGES = {526--539},
      ISSN = {0021-8693},
   MRCLASS = {16A16 (16A28)},
  MRNUMBER = {495234},
MRREVIEWER = {Lindsay\ N.\ Childs},
       DOI = {10.1016/0021-8693(78)90253-3},
       URL = {https://doi.org/10.1016/0021-8693(78)90253-3},
}

@misc{ShahRS,
  doi = {10.48550/ARXIV.2110.06567},
  
  note = {Preprint available at \url{https://arxiv.org/abs/2110.06567}},
  
  author = {Shah, Jay},
  
  keywords = {Algebraic Topology (math.AT), Category Theory (math.CT), FOS: Mathematics, FOS: Mathematics, 18N60, 18N70},
  
  title = {Recollements and stratification},
  
  publisher = {arXiv},
  
  year = {2021},
  
  copyright = {arXiv.org perpetual, non-exclusive license}
}

@article{Thomason_Trobaugh,
    AUTHOR = {Thomason, R. W. and Trobaugh, Thomas},
     TITLE = {Higher algebraic {$K$}-theory of schemes and of derived
              categories},
 BOOKTITLE = {The {G}rothendieck {F}estschrift, {V}ol. {III}},
    SERIES = {Progr. Math.},
    VOLUME = {88},
     PAGES = {247--435},
 PUBLISHER = {Birkh\"{a}user Boston, Boston, MA},
      YEAR = {1990},
   MRCLASS = {19E08 (14C35 19D10)},
  MRNUMBER = {1106918},
MRREVIEWER = {Charles Weibel},
       DOI = {10.1007/978-0-8176-4576-2_10},
       URL = {https://doi.org/10.1007/978-0-8176-4576-2_10},
}

@book {Nardinthesis,
    AUTHOR = {Nardin, Denis},
     TITLE = {Stability and distributivity over orbital $\infty$-categories},
      NOTE = {Thesis (Ph.D.)--Massachusetts Institute of Technology},
 PUBLISHER = {ProQuest LLC, Ann Arbor, MI},
      YEAR = {2017},
     PAGES = {(no paging)},
   MRCLASS = {Thesis},
  MRNUMBER = {3781929},
       URL = {http://gateway.proquest.com.ezp-prod1.hul.harvard.edu/openurl?url_ver=Z39.88-2004&rft_val_fmt=info:ofi/fmt:kev:mtx:dissertation&res_dat=xri:pqm&rft_dat=xri:pqdiss:10797490},
}